<record><leader>00000cas a2200000 a 4500</leader><controlfield tag="001">12309053</controlfield><controlfield tag="008">850726d185619uuiluwr ne      0    0eng c</controlfield><datafield ind1=" " ind2=" " tag="010"><subfield code="a">sn 85038349 </subfield></datafield><datafield ind1=" " ind2=" " tag="040"><subfield code="a">NPY</subfield><subfield code="b">eng</subfield><subfield code="c">NPY</subfield><subfield code="d">NYS</subfield><subfield code="d">NVF</subfield><subfield code="d">OCL</subfield><subfield code="d">CVF</subfield><subfield code="d">NVF</subfield><subfield code="d">OCLCQ</subfield><subfield code="d">OCLCF</subfield><subfield code="d">OCLCO</subfield></datafield><datafield ind1="1" ind2=" " tag="029"><subfield code="a">AU@</subfield><subfield code="b">000025793469</subfield></datafield><datafield ind1=" " ind2=" " tag="042"><subfield code="a">pcc</subfield></datafield><datafield ind1=" " ind2=" " tag="043"><subfield code="a">n-us-il</subfield></datafield><datafield ind1="0" ind2="4" tag="245"><subfield code="a">The Woodstock sentinel.</subfield></datafield><datafield ind1=" " ind2=" " tag="260"><subfield code="a">Woodstock, McHenry County, Ill. :</subfield><subfield code="b">G.L. Webb &amp; T.F. Johnson,</subfield><subfield code="c">1856-</subfield></datafield><datafield ind1=" " ind2=" " tag="300"><subfield code="a">v. :</subfield><subfield code="b">ill. ;</subfield><subfield code="c">61 cm.</subfield></datafield><datafield ind1=" " ind2=" " tag="310"><subfield code="a">Weekly,</subfield><subfield code="b">July 4, 1907-&lt;June 24, 1926&gt;</subfield></datafield><datafield ind1=" " ind2=" " tag="321"><subfield code="a">Weekly,</subfield><subfield code="b">1856-Nov. 6, 1870</subfield></datafield><datafield ind1=" " ind2=" " tag="321"><subfield code="a">Semiweekly,</subfield><subfield code="b">Nov. 12, 1870-Dec. 31, 1871</subfield></datafield><datafield ind1=" " ind2=" " tag="321"><subfield code="a">Weekly,</subfield><subfield code="b">Jan 7, 1871-Aug. 30, 1906</subfield></datafield><datafield ind1=" " ind2=" " tag="321"><subfield code="a">Semiweekly,</subfield><subfield code="b">Sept. 4, 1906-June 27, 1907</subfield></datafield><datafield ind1="0" ind2=" " tag="362"><subfield code="a">Vol. 1, no. 1 (July 17, 1856)-</subfield></datafield><datafield ind1=" " ind2=" " tag="580"><subfield code="a">Other ed.: Woodstock Republican, &lt;1918&gt;</subfield></datafield><datafield ind1=" " ind2=" " tag="580"><subfield code="a">Daily ed.: Woodstock daily sentinel (Woodstock, Ill. : 1921), 1921-&lt;1926&gt;</subfield></datafield><datafield ind1=" " ind2="0" tag="651"><subfield code="a">Woodstock (Ill.)</subfield><subfield code="v">Newspapers.</subfield></datafield><datafield ind1=" " ind2="7" tag="655"><subfield code="a">Newspapers.</subfield><subfield code="2">fast</subfield><subfield code="0">(OCoLC)fst01423814</subfield></datafield><datafield ind1=" " ind2="7" tag="651"><subfield code="a">Illinois</subfield><subfield code="z">Woodstock.</subfield><subfield code="2">fast</subfield><subfield code="0">(OCoLC)fst01217888</subfield></datafield><datafield ind1=" " ind2=" " tag="752"><subfield code="a">United States</subfield><subfield code="b">Illinois</subfield><subfield code="c">McHenry</subfield><subfield code="d">Woodstock.</subfield></datafield><datafield ind1="1" ind2=" " tag="775"><subfield code="t">Woodstock Republican</subfield><subfield code="w">(DLC)sn 94054423</subfield><subfield code="w">(OCoLC)30787417</subfield></datafield><datafield ind1="1" ind2=" " tag="775"><subfield code="t">Woodstock daily sentinel (Woodstock, Ill. : 1921)</subfield><subfield code="w">(DLC)sn 94054424</subfield><subfield code="w">(OCoLC)30787631</subfield></datafield></record>